@misc{ddt,
  title = {{Arm DDT/Allinea DDT}},
  howpublished = "\url{https://www.arm.com/products/development-tools/server-and-hpc/forge}",
}

@misc{totalview,
  title = {{TotalView for HPC - RogueWave Software}},
  howpublished = "\url{https://www.roguewave.com/products-services/totalview}",
}

@misc{openmpidebug,
  title = {{OpenMPI FAQ: Debugging Applications in Parallel}},
  howpublished = "\url{https://www.open-mpi.org/faq/?category=debugging#serial-debuggers}",
}

@misc{gogdb,
  title = {{cyrus-and/gdb}},
  howpublished = "\url{https://github.com/cyrus-and/gdb}",
}

@misc{gogdbm,
  title = {{milindl/gdb}},
  howpublished = "\url{https://github.com/milindl/gdb}",
}

@misc{gotui,
  title = {{marcusolsson/tui-go}},
  howpublished = "\url{https://github.com/marcusolsson/tui-go}",
}

